  @STRING{ BAMS  = "Bull. Am. Meteor. Soc." }
  @STRING{ BLM   = "Bound. Layer Meteor." }
  @STRING{ CE    = "Coastal Eng." }
  @STRING{ CMAME = "Comput. Methods Appl. Mech. Engng."}
  @STRING{ DSR   = "Deep-Sea Res."}
  @STRING{ GRL   = "Geophys. Res. Lett." }
  @STRING{ JAS   = "J. Atm. Sc." }
  @STRING{ JTech = "J. Atmos. Oceanic Techn." }
  @STRING{ JCP   = "J. Comput. Physics"}
  @STRING{ JFM   = "J. Fluid Mech."}
  @STRING{ JGR   = "J. Geophys. Res."}
  @STRING{ JM    = "J. Meteorol."}
  @STRING{ JMS   = "J. Mar. Sys."}
  @STRING{ JOMAE = "J. Offshore Mech. and Arctic Eng."}
  @STRING{ JPO   = "J. Phys. Oceanogr."}
  @STRING{ JWEIA = "J. Wind Engineer. and Indust.  Aerodyn."}
  @STRING{ JWPCO = "J. of Waterway, Port, Coastal and Ocean Eng."}
  @STRING{ MWR   = "Mon. Wea. Rev."}
  @STRING{ NPG   = "Nonlinear Proc. Geoph."}
  @STRING{ OCEAN = "Oceanogr."}
  @STRING{ OE    = "Ocean Eng."}
  @STRING{ OPE   = "Int. J. Offshore Polar Eng."}
  @STRING{ OMOD  = "Ocean Mod."}
  @STRING{ NN    = "Neural Networks"}
  @STRING{ PACO  = "Parallel Computing"}
  @STRING( PO    = "Progress in Oceanograpy")
  @STRING{ WaF   = "Wea. Forecasting"}
  @STRING{ QJ    = "Quart. J. Roy. Meteor. Soc."}
  @STRING( QJAM  = "Quart. Journ. Appl. Math.")
  @STRING{ GAOS  = "The Global Atmosphere and Ocean System"}
  @STRING{ TRANS = "Trans. Roy. Soc. London"}
  @STRING{ MS    = "Marine Structures"}
  @STRING{ PROC  = "Proc. Roy. Soc. London"}
  @STRING{ RGSP  = "Rev. Geophys. Space Phys."}
  @STRING( TCPS =  "Trans. Camb. Phil. Soc.")

  @STRING{ ICCE78 = "Proc. 16th Int. Conf. Coastal Eng." }
  @STRING{ ICCE88 = "Proc. 21st Int. Conf. Coastal Eng., Malaga, Spain" }
  @STRING{ ICCE90 = "Proc. 22nd Int. Conf. Coastal Eng., Delft,
                     The Netherlands" }
  @STRING{ ICCE92 = "Proc. 23rd Int. Conf. Coastal Eng., Venice, Italy" }
  @STRING{ ICCE94 = "Proc. 24rd Int. Conf. Coastal Eng., Cobe, Japan" }
  @STRING{ ICCE96 = "Proc. 25th Int. Conf. Coastal Eng." }
  @STRING{ ICCE00 = "Proc. 27th Int. Conf. Coastal Eng., Sydney, Australia" }
  @STRING{ ICCE02 = "Proc. 28th Int. Conf. Coastal Eng., Cardiff, Wales" }

  @STRING{ CPDC95 = "Proc. 4st Int. Conf. Coastal Port Eng. Devlop. Countries, Rio de Janeiro, Brazil" }

  @STRING {Waves01 = "4th International Symposium on Ocean Wave Measurement
                      and Analysis"},
  @STRING {Waves05 = "5th International Symposium on Ocean Wave Measurement
                      and Analysis"},

  @STRING {banff02 = "Preprints 7th Int. Workshop on Wave Hindcasting and
                      Forecasting"}
  @STRING {oahu04  = "Preprints 8th Int. Workshop on Wave Hindcasting and
                      Forecasting"}

% item rep:AB02

@TECHREPORT{rep:AB02,
  AUTHOR      = "S. Abdalla and J. R. Bidlot",
  YEAR        = 2002,
  TITLE       = "Wind gustiness and air density effects and other key changes to
             wave model in {CY25R1}",
  INSTITUTION = "Research Department, ECMWF, Reading, U. K.",
  NUMBER      = "Memomrandum R60.9/SA/0273" }

% item art:ABJ03

@ARTICLE{art:ABJ03,
  AUTHOR  = "J. H. G. M. Alves and M. L. Banner and I. R. Young",
  YEAR     = 2003,
  TITLE   = "Revisiting the {P}ierson-{M}oskowitz asymptotic limits for
             fully developed wind waves",
  JOURNAL  = JPO,
  VOLUME   = 33,
  PAGES    = "1301--1323" }

% item art:ACC08

@ARTICLE{art:ACC08,
   author = "Fabrice Ardhuin and Bertrand Chapron and Fabrice Collard",
   title = "Observation of swell dissipation across oceans",
   journal = GRL,
   year = 2009,
   volume=36,
   pages="L06607",
   doi="10.1029/2008GL037030",
KEYWORDS={swell;swell dissipation},
}

% item art:AH02

@ARTICLE{art:AH02,
  AUTHOR  = "F. Ardhuin and T. H. C. Herbers",
  YEAR    = 2002,
  TITLE   = "Bragg scattering of random surface gravity waves by irregular
             sea bed topography",
  JOURNAL = JFM,
  VOLUME  = 451,
  PAGES   = "1--33" }

% item art:Aea03

@ARTICLE{art:Aea03,
   author = "Fabrice Ardhuin and W. C. O'Reilly and T. H. C. Herbers and P. F. Jessen",
   title = "Swell transformation across the continental shelf. Part {I}: Attenuation and directional broadening",
   journal = JPO,
   year = 2003, 
   number=11,
   pages="1921--1939",
   volume=33,
   KEYWORDS={bottom friction;bottom scattering},
url="http://ams.allenpress.com/archive/2541-2558/39/11/pdf/i1520-0485-39-11-2820.pdf",}

% item art:AJ06

@ARTICLE{art:AJ06,
  AUTHOR  = "F. Ardhuin and A. D. Jenkins",
  YEAR    = 2006,
  TITLE   = "On the interaction of surface waves and upper ocean turbulence",
  JOURNAL = JPO,
  VOLUME  = 36,
  NUMBER  = 3,
  PAGES   = "551--557" }

% item art:AJ06

@ARTICLE{art:AL06,
   author = "Ardhuin, Fabrice and Le Boyer, Arnaud",
   title = "Numerical modelling of sea states: validation of spectral shapes (In {F}rench)",
    journal = "Navigation",
   volume =54,
   number=216,
   pages = "55--71",
   year = 2006,
   keywords={wave model validation;spectral validation},
}

% item art:AM07

@ARTICLE{art:AM07,
  AUTHOR  = "F. Ardhuin and R. Magne",
  YEAR    = 2007,
  TITLE   = "Current effects on scattering of surface gravity waves by
             bottom topography",
  JOURNAL = JFM,
  VOLUME  = 576,
  PAGES   = "235--264" }

% item art:Aea09

@ARTICLE{art:Aea09,
   author = "Fabrice Ardhuin and Louis Mari{\'e} and Nicolas Rascle and Philippe Forget and Aaron Roland",
   title = "Observation and estimation of {Lagrangian, Stokes and E}ulerian currents induced by wind and waves at the sea surface",
   journal = JPO,
   year = 2009, 
   number=11,
   pages="2820--2838",
   volume=39,
   KEYWORDS={mixed layer currents;surface drift;wave model validation;Stokes drift;wave breaking parameterization;triangle-based grids},
url="http://ams.allenpress.com/archive/2541-2558/39/11/pdf/i1520-0485-39-11-2820.pdf",
}

% item art:Aea10

@ARTICLE{art:Aea10,
   author = "Fabrice Ardhuin and Erick Rogers and Alexander Babanin and Jean-Fran{\c c}ois Filipot and Rudy Magne and Aron Roland and Andre van der Westhuysen and Pierre Queffeulou and Jean-Michel Lefevre and Lotfi Aouf and Fabrice Collard",
   title = "Semi-empirical dissipation source functions for wind-wave models: part {I}, definition, calibration and validation",
   journal = JPO,
   volume = 40,
   number = 9,
   pages = "1917--1941",
   year = 2010,
   KEYWORDS={wave model validation},
}

% item art:Aea11

@ARTICLE{art:Aea11,
  author = "Fabrice Ardhuin and Eleonore Stutzmann and Martin Schimmel and Anne Mangeney",
   title = "Ocean wave sources of seismic noise",
   journal = JGR,
   volume="116",
   pages = "C09004",
   year = 2011,
   doi="10.1029/2011JC006952",
   url="http://wwz.ifremer.fr/iowaga/content/download/48407/690392/file/Ardhuin_etal_JGR2011.pdf",
   KEYWORDS={microseisms},
}

% item art:Aeb11

@ARTICLE{Aeb11,
   author = "Fabrice Ardhuin and  Jean Tournadre and Pierre Queffelou and Fanny Girard-Ardhuin",
   title = "Observation and parameterization of small icebergs: drifting breakwaters in the Southern Ocean",
   journal = OMOD,
   volume = "39",
   pages = "405--410",
   year = 2011,
   keywords = {icebergs},
   doi="10.1016/j.ocemod.2011.03.004",
}


% item art:AHJR03

@ARTICLE{art:AHJR03,
   author = "Fabrice Ardhuin and T. H. C. Herbers and P. F. Jessen and W. C. O'Reilly",
   title = "Swell transformation across the continental shelf. Part {II}: validation of a spectral energy balance equation",
   journal = JPO,
   volume = 33,
   pages = "1940--1953",
   year = 2003,
   url="http://tinyurl.com/3aauzjq",
keywords="bottom friction;bottom scattering",
}


% item art:AR12

@ARTICLE{art:AR12,
   author = "Fabrice Ardhuin and Aron Roland",
   title = "Coastal wave reflection, directional spreading, and seismo-acoustic noise sources",
   journal = JGR,
   volume = "117",
   pages = "C00J20",
   year = 2012,
   KEYWORDS={reflection},
   doi="10.1029/2011JC007832",
}

% item art:BBY00

@ARTICLE{art:BBY00,
   author = "Michael L. Banner and Alexander V. Babanin and Ian R. Young",
   title = "Breaking probability for dominant waves on the sea surface",
   journal = JPO,
   volume =30,
   pages = "3145--3160",
   year = 2000,
   url="http://ams.allenpress.com/archive/1520-0485/30/12/pdf/i1520-0485-30-12-3145.pdf",
   keywords={breaking probability},
}

% item art:BGM02

@ARTICLE{art:BGM02,
  AUTHOR = "Michael L. Banner and Johannes R. Gemmrich and David M. Farmer",
  YEAR   = 2002,
  TITLE  = "Multiscale measurement of ocean wave breaking probability",
  JOURNAL = JPO,
  VOLUME  = 32,
  PAGES   = "3364--3374" }

% item pro:BJ78

@INPROCEEDINGS{pro:BJ78,
  AUTHOR       = "J. A. Battjes  and J. P. F. M. Janssen",
  YEAR         = 1978,
  TITLE        = "Energy loss and set-up due to breaking of random waves",
  BOOKTITLE    = ICCE78,
  PUBLISHER    = "ASCE",
  PAGES        = "569-587" } 

% item rep:Bea05

@TECHREPORT{rep:Bea05,
  AUTHOR      = "J. R.  Bidlot and S. Abdalla and P. A. E. M. Janssen",
  YEAR        = 2005,
  TITLE       = "A revised formulation for ocean wave dissipation in {CY25R1}",
  INSTITUTION = "Research Department, ECMWF, Reading, U. K.",
  NUMBER      = "Memorandum R60.9/JB/0516" }

% item rep:Bea07

@TECHREPORT{rep:Bea07,
  AUTHOR      = "J. R.  Bidlot and P. A. E. M. Janssen and S. Abdalla ",
  YEAR        = 2007,
  TITLE       = "A revised formulation of ocean wave dissipation and its
                 model impact",
  INSTITUTION = "ECMWF, Reading, U. K.",
  NUMBER      = "Memorandum 509",
  PAGES       = "29" }

  % item pro:Bid12

@INPROCEEDINGS{pro:Bid12,
   author = "Jean-Raymond Bidlot",
   title = "Present Status of Wave Forecasting at {E.C.M.W.F.}",
   booktitle = "Proceedings of ECMWF workshop on ocean wave forecasting, June",
   year = 2012,
   INSTITUTION = "ECMWF, Reading, U. K.",
}

% item art:BH87

@ARTICLE{art:BH87,
  AUTHOR = "N. Booij and L. H. Holthuijsen",
  YEAR   = "1987",
  TITLE  = "Propagation of ocean waves in discrete
            spectral wave models",
  JOURNAL = JCP,
  VOLUME = "68",
  PAGES  = "307--326" }

% item art:BRH99

@ARTICLE{art:BRH99,
  AUTHOR  = "N. Booij and R. C. Ris and L. H. Holthuijsen",
  YEAR    = "1999",
  TITLE   = "A third-generation wave model for coastal regions,
             {Part I}, Model description and validation",
  JOURNAL = JGR,
  VOLUME  = "104",
  PAGES   = "7649--7666" }

% item art:BK83

@ARTICLE{art:BK83,
  AUTHOR = "E. Bouws and G. J. Komen",
  YEAR   = "1983",
  TITLE  = "On the balance between growth and dissipation in
            an extreme depth-limited wind-sea in the southern North Sea",
  JOURNAL = JPO,
  VOLUME = "13",
  PAGES  = "1653--1658" }

% item art:BG68

@ARTICLE{art:BG68,
  AUTHOR = "F. P. Bretherthon and C. J. R. Garrett",
  YEAR   = "1968",
  TITLE  = "Wave trains in inhomogeneous moving media",
  JOURNAL = PROC,
  VOLUME = "A 302",
  PAGES  = "529--554" }

% item PhD:Cah

@MANUAL{PhD:Cah,
  AUTHOR      = "Cahyono",
  YEAR        = "1994",
  TITLE       = "Three-dimensional numerical modelling of sediment transport
                 processes in non-stratified estuarine and coastal waters",
  SCHOOL      = "University of Bradford",
  NOTE        = "Ph.D. Thesis, University of Bradford, 315~pp." }

% item art:CMR81

@ARTICLE{art:CMR81,
  AUTHOR  = "L. Cavaleri and P. Malanotte-{R}izzoli",
  YEAR    = "1981",
  TITLE   = "Wind-wave prediction in shallow water: Theory and applications.",
  JOURNAL = JGR,
  VOLUME  = "86",
  PAGES   = "10,961--10,973" }

% item art:Cha95

@ARTICLE{art:Cha95,
  AUTHOR = "D. V. Chalikov",
  YEAR   = "1995",
  TITLE  = "The parameterization of the wave boundary layer",
  JOURNAL = JPO,
  VOLUME = "25",
  PAGES  = "1333--1349" }

% item art:CB93

@ARTICLE{art:CB93,
  AUTHOR = "D. V. Chalikov and M. {Yu}. Belevich",
  YEAR   = "1993",
  TITLE  = "One-dimensional theory of the Wave Boundary Layer",
  JOURNAL = BLM,
  VOLUME = "63",
  PAGES  = "65--96" }

% item art:Cha55

@ARTICLE{art:Cha55,
  AUTHOR = "H. Charnock",
  YEAR   = "1955",
  TITLE  = "Wind stress on a water surface",
  JOURNAL = QJ,
  VOLUME = "81",
  PAGES  = "639--640" }

% item art:CFSR10

@ARTICLE{art:CFSR10,
   author = "Suranjana Saha and Shrinivas Moorthi  and Hua-Lu Pan  andXingren Wu  and Jiande Wang  and Sudhir Nadiga  and Patrick Tripp  and Robert Kistler and John Woollen and David Behringer and Haixia Liu and Diane Stokes and Robert Grumbine and George Gayno and Jun Wang and Yu-Tai Hou and Hui-ya Chuang and Hann-Ming H and Juang and Joe Sela and Mark Iredell and Russ Treadon and Daryl Kleist and Paul Van Delst and Dennis Keyser and John Derber and Michael Ek and Jesse Meng and Helin Wei and Rongqian Yang and Stephen Lord and Huug van den Dool and Arun Kumar and Wanqiu Wang and Craig Long and Muthuvel Chelliah and Yan Xue and Boyin Huang and Jae-Kyung Schemm and Wesley Ebisuzaki and Roger Lin and Pingping Xie and Mingyue Chen and Shuntai Zhou and Wayne Higgins and Cheng-Zhi Zou and Quanhua Liu and Yong Chen and Yong Han  and Lidia Cucurull  and Richard W. Reynolds  and Glenn Rutledge and Mitch Goldberg",
   title = "The {NCEP Climate Forecast System Reanalysis}",
   journal =BAMS,
   volume = 91,
   pages = "1015--1057",
   year = 2010,
}

% item art:EHG94

@ARTICLE{art:EHG94,
   author = "Steve Elgar and T. H. C. Herbers and R. T. Guza",
   title = "Reflection of ocean surface gravity waves from a natural beach",
   journal = JPO,
   volume = 24,
   number = "7",
   pages = "1,503--1,511",
   year = 1994,
   url="http://journals.ametsoc.org/doi/pdf/10.1175/1520-0485%281994%29024%3C1503%3AROOSGW%3E2.0.CO%3B2",
   KEYWORDS={reflection},
}


% item RogCamp:NRLrep09

@TECHREPORT{RogCamp:NRLrep09,
  AUTHOR      = "W. Erick Rogers and Timothy J. Campbell",
  YEAR        = "2009",
  TITLE       = "Implementation of Curvilinear Coordinate System in the {WAVEWATCH III} model",
  INSTITUTION = "Naval Research Laboratory",
  TYPE        = "Memo. Rep.",
  NUMBER      = "MR-9193",
  NOTE        = "42 pp., Available from http://torpedo.nrl.navy.mil/tu/ps/" }

% item tol:MMAB07a

@TECHREPORT{tol:MMAB07a,
  AUTHOR      = "A. Chawla and H. L. Tolman",
  YEAR        = "2007",
  TITLE       = "Automated grid generation for {WAVEWATCH III} ",
  INSTITUTION = "{NOAA/NWS/NCEP/MMAB}",
  TYPE        = "Tech. Note",
  NUMBER      = "254",
  NOTE        = "71 pp." }

% item tol:OMOD08a

@ARTICLE{tol:OMOD08a, 
  AUTHOR  = "A. Chawla and H. L. Tolman",
  YEAR    = "2008",
  TITLE   = "Obstruction grids for spectral wave models",
  JOURNAL = OMOD,
  VOLUME  = "22",
  PAGES   = "12--25" }

% item rep:Chr82

@TECHREPORT{rep:Chr82,
  AUTHOR      = "J. B. Christoffersen",
  YEAR        = "1982",
  TITLE       = "Current depth refraction of dissipative water waves",
  INSTITUTION = "Institute of Hydrodynamics and Hydraulic Engineering,
                 Techn. Univ. Denmark",
  TYPE        = "Series Paper",
  NUMBER      = "30" }

% item bk:CSea06

@BOOK{bk:CSea06,
  AUTHOR    = "B. Collins-{S}ussmann and B. W. Fitzpatrick and C. M. Pilato",
  YEAR      = "2004",
  TITLE     = "Version control with subversion",
  PUBLISHER = "{O'R}eilly",
  NOTE      = "320 pp.\footnote{~Updated versions available online at
                                http://subversion.tigris.org/.}" }

% item art:DM82

@ARTICLE{art:DM82,
  AUTHOR  = "R. W. Davis and E. F. More",
  YEAR    = "1982",
  TITLE   = "A Numerical study of vortex shedding from rectangles",
  JOURNAL = JFM,
  VOLUME  = "116",
  PAGES   = "475--506" }

% item pro:DHL09

@INPROCEEDINGS{pro:DHL09,
  AUTHOR       = "E. -M. Devaliere and J. L. Hanson and R. A. {Luettich, Jr.}",
  YEAR         = "2009",
  TITLE        = "Spatial tracking of numerical wave model output using a spiral tracking search algorithm",
  BOOKTITLE    = "Proc. 2009 WRI World Congress on Computer Science and Information Engineering, Los Angeles, CA, Vol. 2",
  EDITOR       = "",
  PUBLISHER    = "",
  PAGES        = "404--408" }

% item art:Dore78

@ARTICLE{art:Dore78,
  AUTHOR = "B. D. Dore",
  YEAR   = 1978,
  TITLE  = "Some effects of the air-water interface on gravity waves",
  JOURNAL = "Geophys. Astrophys. Fluid. Dyn.",
  VOLUME = 10,
  PAGES  = "215--230" }

% item man:GrADS

@MANUAL{man:GrADS,
  AUTHOR      = "B. Doty",
  YEAR        = "1995",
  TITLE       = "The grid analysis and display system {GrADS}",
  ORGANIZATION = "COLA",
  ADDRESS     = " http://www.iges.org/grads"}

% item art:EB96

@ARTICLE{art:EB96,
  AUTHOR  = "Y. Eldeberky and J. A. Battjes",
  YEAR    = "1996",
  TITLE   = "Spectral modelling of wave breaking: Application to Boussinesq
             equations",
  JOURNAL = JGR,
  VOLUME  = "101",
  PAGES   = "1253--1264" }

% item pro:FC93

@INPROCEEDINGS{pro:FC93,
  AUTHOR       = "R. A. Falconer and Cayhono",
  YEAR         = "1993",
  TITLE        = "Water quality modelling in well mixed estuaries using
                  higher order accurate differencing schemes",
  BOOKTITLE    = "Advances in Hydro- Science and Engineering",
  EDITOR       = "S. S. Y. Wang",
  PUBLISHER    = "CCHE, University of Mississippi",
  PAGES        = "81--92" }

% item bk:Fle88

@BOOK{bk:Fle88,
  AUTHOR    = "C. A. J. Fletcher",
  YEAR      = "1988",
  TITLE     = "Computational techniques for fluid dynamics, part {I} and {II}",
  PUBLISHER = "Springer",
  NOTE      = "409+484 pp." }

% item bk:FAB10

@ARTICLE{art:FAB10,
   author = "Jean-Fran{\c c}ois Filipot and Fabrice Ardhuin and Alexander Babanin",
   title = "A unified deep-to-shallow-water wave-breaking probability parameterization",
   journal = JGR,
   volume ="115",
   pages = "C04022",
   year = 2010,
   doi="10.1029/2009JC005448",
   keywords={breaking probability},
}

% item art:FA11

@ARTICLE{art:FA12,
   author = "Jean-Fran{\c c}ois Filipot and Fabrice Ardhuin",
   title = "A unified spectral parameterization for wave breaking: from the deep ocean to the surf zone",
   journal = JGR,
   volume =117,
   pages = "submittedC00J08",
   year = 2012,
    keywords={breaking intensity;breaking intensity;wave model validation},
}

% item art:For09

@ARTICLE{art:For09,
   author = "M. G. G. Foreman and J. Y. Cherniawsky and V. A. Ballantyne",
   title = "Versatile Harmonic Tidal Analysis: Improvements and Applications",
   journal = JTECH,
   volume = 26,
   pages = "806--817",
   year = 2009}

% item art:GM79

@ARTICLE{art:GM79,
  AUTHOR  = "William D. Grant and Ole Secher Madsen",
  YEAR    = 1979,
  TITLE   = "Combined wave and current interaction with a rough bottom",
  JOURNAL = JGR,
  VOLUME  = 84,
  PAGES   = "1797--1808" }

% item bk:GLS97

@BOOK{bk:GLS97,
  AUTHOR    = "W. Gropp and E. Lusk and A. Skjellum",
  YEAR      = "1997",
  TITLE     = "Using {MPI}: {P}ortable parallel programming with the
               message-passing interface",
  PUBLISHER = "MIT Press",
  NOTE      = "299 pp." }

% item pro:HJ04

@INPROCEEDINGS{pro:HJ04,
  AUTHOR       = "J. L. Hanson and R. E. Jensen",
  YEAR         = "2004",
  TITLE        = "Wave system diagnostics for numerical wave models",
  BOOKTITLE    = "8$\:^{th}$ international workshop on wave hindcasting and
                  forecasting, {JCOMM} {T}ech. {R}ep. 29, {WMO/TD-No.} 1319" }

% item art:HP01

@ARTICLE{art:HP01,
  AUTHOR  = "J. L. Hanson and O. M. Phillips",
  YEAR    = "2001",
  TITLE   = "Automated analysis of ocean surface directional wave spectra",
  JOURNAL = JTech,
  VOLUME  = "18",
  PAGES   = "177--293" }

% item tol:Vict06b

@INPROCEEDINGS{tol:Vict06b,
  AUTHOR       = "J. L. Hanson and B. A. Tracy and H. L. Tolman and D. Scott",
  YEAR         = "2006",
  TITLE        = "Pacific hindcast performance evaluation of three numerical
                  wave models. ", 
  BOOKTITLE    = "9$\:^{th}$ international workshop on wave hindcasting and
                  forecasting, {JCOMM} {T}ech. {R}ep. 34",
  NOTE         = "{P}aper {A2}." }

% item art:HMM00

@ARTICLE{art:HMM00,
  AUTHOR  = "T. A. Hardy and L. B. Mason and J. D. Mc{C}onochie",
  YEAR    = "2000",
  TITLE   = "A wave model for the {G}reat {B}arrier {R}eef",
  JOURNAL = OE,
  VOLUME  = "28",
  PAGES   = "45--70" }

% item art:HY96

@ARTICLE{art:HY96,
  AUTHOR  = "T. A. Hardy and I. R. Young",
  YEAR    = "1996",
  TITLE   = "Field study of wave attenuation on an offshore coral reef",
  JOURNAL = JGR,
  VOLUME  = "101",
  PAGES   = "14,311--14,326" }

% item pro:HA98

@INPROCEEDINGS{pro:HA98,
  AUTHOR       = "J. C. Hargreaves and J. D. Annan",
  YEAR         = "1998",
  TITLE        = "Integration of source terms in {WAM}",
  BOOKTITLE    = "Proceedings of the 5th International Workshop on
                  Wave Forecasting and Hindcasting",
  PAGES        = "128--133" }

% item art:HA01

@ARTICLE{art:HA01,
  AUTHOR  = "J. C. Hargreaves and J. D. Annan",
  YEAR    = "2001",
  TITLE   = "Comments on Improvement of the short fetch behavior
             in the {WAM} model.",
  JOURNAL = JTech,
  VOLUME  = "18",
  PAGES   = "711--715" }

% item art:Has62

@ARTICLE{art:Has62,
  AUTHOR = "K. Hasselmann",
  YEAR   = "1962",
  TITLE  = "On the non-linear transfer in a gravity wave spectrum, {P}art 1.
            {G}eneral theory",
  JOURNAL = JFM,
  VOLUME = "12",
  PAGES  = "481--500" }

% item art:Has63a

@ARTICLE{art:Has63a,
  AUTHOR = "K. Hasselmann",
  YEAR   = "1963",
  TITLE  = "On the non-linear transfer in a gravity wave spectrum, {P}art 2,
            {C}onservation theory, wave-particle correspondence,
            irreversibility",
  JOURNAL = JFM,
  VOLUME = "15",
  PAGES  = "273--281" }

% item art:Has63b

@ARTICLE{art:Has63b,
  AUTHOR = "K. Hasselmann",
  YEAR   = "1963",
  TITLE  = "On the non-linear transfer in a gravity wave spectrum, {P}art 3.
            {E}valuation of energy flux and sea-swell interactions for
            a {N}euman spectrum",
  JOURNAL = JFM,
  VOLUME = "15",
  PAGES  = "385--398" }

% item art:JONSWAP

@ARTICLE{art:JONSWAP,
  AUTHOR = "K. Hasselmann and T. P. Barnett and E. Bouws and H. Carlson and
            D. E. Cartwright and K. Enke and J. A. Ewing and H. Gienapp and
            D. E. Hasselmann and P. Kruseman and A. Meerburg and P. Mueller
            and D. J. Olbers and K. Richter and W. Sell and H. Walden",
  YEAR   = "1973",
  TITLE  = "Measurements of wind-wave growth and swell decay during
            the {Joint North Sea Wave Project (JONSWAP)}",
  JOURNAL = "Ergaenzungsheft zur Deutschen Hydrographischen Zeitschrift, Reihe A(8)",
  VOLUME = "12",
  NOTE   = "95 pp." }

% item art:Hea85a

@ARTICLE{art:Hea85a,
  AUTHOR = "S. Hasselmann and K. Hasselmann",
  YEAR   = "1985",
  TITLE  = "Computations and parameterizations of the nonlinear energy
            transfer in a gravity-wave spectrum, {Part I: A} new method
            for efficient computations of the exact nonlinear transfer
            integral",
  JOURNAL = JPO,
  VOLUME = "15",
  PAGES  = "1369--1377" }

% item art:Hea85b

@ARTICLE{art:Hea85b,
  AUTHOR  = "S. Hasselmann and K. Hasselmann and J. H. Allender and
             T. P. Barnett",
  YEAR    = "1985",
  TITLE   = "Computations and parameterizations of the nonlinear
             energy transfer in a gravity-wave spectrum, {Part II:}
             Parameterizations of the nonlinear energy transfer for
             application in wave models",
  JOURNAL = JPO,
  VOLUME  = "15",
  PAGES   = "1378--1391" }

% item art:HJ99

@ARTICLE{art:HJ99,
  AUTHOR  = "H. Hersbach and P. A. E. M. Janssen",
  YEAR    = "1999",
  TITLE   = "Improvement of the short fetch behavior in the {WAM} model",
  JOURNAL = JTech,
  VOLUME  = "16",
  PAGES   = "884--892" }

% item art:HJ01

@ARTICLE{art:HJ01,
  AUTHOR  = "H. Hersbach and P. A. E. M. Janssen",
  YEAR    = "2001",
  TITLE   = "Reply to comments on ``Improvement of the short fetch behavior in
             the {WAM} model''",
  JOURNAL = JTech,
  VOLUME  = "18",
  PAGES   = "716--721" }

% item art:HH80

@ARTICLE{art:HH80,
  AUTHOR  = "K. Herterich and K. Hasselmann",
  YEAR    = "1980",
  TITLE   = "A similarity relation for the nonlinear energy transfer in
             a finite-depth gravity-wave spectrum",
  JOURNAL = JFM,
  VOLUME  = "97",
  PAGES   = "215--224" }

% item art:Hino68

@ARTICLE{art:Hino68,
  AUTHOR  = "M. Hino",
  YEAR    = "1968",
  TITLE   = "Equilibrium-range spectra of sand waves formed by flowing water",
  JOURNAL = JFM,
  VOLUME  = 34,
  PAGES   = "565--573" }

% item man:SWAN3

@MANUAL{man:SWAN3,
  AUTHOR      = "L. H. Holthuijsen and N. Booij and R. C. Ris and
                 {IJ}. G. Haagsma and A. T. M. M. Kieftenburg and
                 E. E. Kriezi",
  YEAR        = "2001",
  TITLE       = "{SWAN Cycle III} version 40.11 user manual",
  ORGANIZATION = "Delft University of Technology,
                  Department of Civil Engineering",
  ADDRESS     = "P.O. Box 5048, 2600 GA Delft, The Netherlands", 
  NOTE        = "see http://swan.ct.tudelft.nl" }

% item art:Jan82

@ARTICLE{art:Jan82,
  AUTHOR  = "P. A. E. M. Janssen",
  YEAR    = "1982",
  TITLE   = "Quasilinear approximation for the spectrum of wind-generated
             water waves",
  JOURNAL = JFM,
  VOLUME  = "117",
  PAGES   = "493--506" }

% item art:Jan89

@ARTICLE{art:Jan89,
  AUTHOR  = "P. A. E. M. Janssen",
  YEAR    = "1989",
  TITLE   = "Wind-induced stress and the drag of air-flow over sea waves",
  JOURNAL = JPO,
  VOLUME  = "19",
  PAGES   = "745--754" }

% item art:Jan91

@ARTICLE{art:Jan91,
  AUTHOR = "P. A. E. M. Janssen",
  YEAR   = 1991,
  TITLE  = "Quasi-linear theory of of wind wave generation applied to
            wave forecasting",
  JOURNAL = JPO,
  VOLUME  = "21",
  PAGES   = "1631--1642" }

% item bk:Jan04

@BOOK{bk:Jan04,
   author = "Peter Janssen",
   title = "The interaction of ocean waves and wind",
   publisher = "Cambridge University Press",
   pages = "300",
   year = "2004",
   address="Cambridge",
   isbn="0 521 46540 0",
}


% item art:KC92

@ARTICLE{art:KC92,
  AUTHOR  = "K. K. Kahma and C. J. Calkoen",
  YEAR    = "1992",
  TITLE   = "Reconciling discrepancies in the observed growth rates of
             wind waves",
  JOURNAL = JPO,
  VOLUME  = "22",
  PAGES   = "1389--1405" }

% item ibk:KC94

@INBOOK{ibk:KC94,
  AUTHOR      = "K. K. Kahma and  C. J. Calkoen",
  YEAR        = "1994",
  TITLE       = "\cite{bk:WAM94}",
  CHAPTER     = "{II}.8 Growth curve observations",
  PAGES       = "174--182", 
  PUBLISHER   = "Cambridge Univ. Press" }

% item bk:WAM94

@BOOK{bk:WAM94,
  AUTHOR    = "G. J. Komen and L. Cavaleri and M. Donelan and K. Hasselmann
               and S. Hasselmann and P. E. A. M. Janssen",
  YEAR      = "1994",
  TITLE     = "Dynamics and modelling of ocean waves",
  PUBLISHER = "Cambridge University Press",
  NOTE      = "532 pp." }

  TITLE       = "\cite{bk:WAM94}",
  CHAPTER     = "{II}.8 Growth curve observations",
  PAGES       = "174--182", 
  PUBLISHER   = "Cambridge Univ. Press" }

% item art:KHH84

@ARTICLE{art:KHH84,
  AUTHOR  = "G. J. Komen and S. Hasselmann and K. Hasselmann",
  YEAR    = "1984",
  TITLE   = "On the existence of a fully developed wind-sea spectrum",
  JOURNAL = JPO,
  VOLUME  = "14",
  PAGES   = "1271--1285" }

% item art:Kre49

@ARTICLE{art:Kre49,
  AUTHOR  = "G. Kreisel",
  YEAR    = 1949,
  TITLE    = "Surface waves",
  JOURNAL  = QJAM,
  VOLUM    = 7,
  PAGES    = "21--44" }

% item art:KVH88

@ARTICLE{art:KVH88,
  AUTHOR  = "A. J. Kuik and G. {Ph}. {Van Vledder} and L.H. Holthuijsen",
  YEAR    = "1988",
  TITLE   = "A method for the routine analysis of pitch-and-roll buoy
             wave data",
  JOURNAL = JPO,
  VOLUME  = "18",
  PAGES   = "1020--1034" }

% item art:Leo79

@ARTICLE{art:Leo79,
  AUTHOR  = "B. P. Leonard",
  YEAR    = "1979",
  TITLE   = "A stable and accurate convective modelling procedure
             based on quadratic upstream interpolation",
  JOURNAL = CMAME,
  VOLUME  = "18",
  PAGES   = "59--98" }

% item art:Leo91

@ARTICLE{art:Leo91,
  AUTHOR  = "B. P. Leonard",
  YEAR    = "1991",
  TITLE   = "The {ULTIMATE} conservative difference scheme applied
             to unsteady one-dimensional advection",
  JOURNAL = CMAME,
  VOLUME  = "88",
  PAGES   = "17--74" }

% item art:LHS61

@ARTICLE{art:LHS61,
  AUTHOR  = "M. S. {Longuet-Higgins} and R. W. Stewart",
  YEAR    = "1961",
  TITLE   = "The changes in amplitude of short gravity waves on steady
             non-uniform currents",
  JOURNAL = JFM,
  VOLUME  = "10",
  PAGES   = "529--549" }

% item art:LHS62

@ARTICLE{art:LHS62,
  AUTHOR  = "M. S. {Longuet-Higgins} and R. W. Stewart",
  YEAR    = "1962",
  TITLE   = "Radiation stress and mass transport in gravity waves,
             with application to 'surf-beats'",
  JOURNAL = JFM,
  VOLUME  = "10",
  PAGES   = "529--549" }

% item art:M1894

@ARTICLE{art:M1894,
  AUTHOR  = "J. Mc{C}owan",
  YEAR    = "1894",
  TITLE   = "On the highest wave of permanent type",
  JOURNAL = "Philosophical Magazine", 
  VOLUME  = "38",
  PAGES   = "351-358" }

% item bk:Mei83

@BOOK{bk:Mei83,
  AUTHOR    = "C. C. Mei",
  YEAR      = "1983",
  TITLE     = "The applied dynamics of ocean surface waves",
  PUBLISHER = "Wiley, New York",
  NOTE      = "740 pp." }

% item bk:MR99

@BOOK{bk:MR99,
  AUTHOR    = "M. Metcalf and J. Reid",
  YEAR      = "1999",
  TITLE     = "{FORTRAN} 90/95 explained, second edition",
  PUBLISHER = "Oxford University Press",
  NOTE      = "341 pp." }

% item art:Miche44

@ARTICLE{art:Miche44,
  AUTHOR  = "A. Miche",
  YEAR    = "1944",
  TITLE   = "Mouvements ondulatoire de la mer en profondeur croissante ou
             d{\'e}croissante. {F}orme limite de la houle lors de son
             d{\'e}ferlement.  {A}pplication aux digues maritimes.
             {D}euxi{\`e}me partie. {M}ouvements ondulatoires p{\'e}riodiques
             en profondeur r{\'e}guli{\`e}rement d{\'e}croissante",
  JOURNAL = "Annales des Ponts et Chauss{\'e}es",
  VOLUME  = "114",
  PAGES   = "131--164, 270--292" }

% item art:Miles57

@ARTICLE{art:Miles57,
  AUTHOR  = "J. W. Miles",
  YEAR    = 1957,
  TITLE   = "On the generation of surface waves by shear flows",
  JOURNAL = JFM,
  VOLUME  = 3,
  PAGER    = "185--204" }

% item rep:GRIB

@TECHREPORT{rep:GRIB,
  AUTHOR      = "{NCEP}",
  YEAR        = "1998",
  TITLE       = "{GRIB}",
  INSTITUTION = "{NOAA/NWS/NCEP}",
  TYPE        = "Office Note",
  NUMBER      = "388",
  NOTE        = "Available by anonymous ftp from ftp://nic.fb4.noaa.gov" }

% item rep:GRIB2

@TECHREPORT{rep:GRIB2,
  AUTHOR      = "{WMO}",
  YEAR        = "2001",
  TITLE       = "{WMO MANUAL ON CODES VOLUME I - I}nternational codes;
                  Part {B} - Binary codes",
  INSTITUTION = "{WMO}",
  TYPE        = "Publication Number",
  NUMBER      = "306" }

% item art:Nel94

@ARTICLE{art:Nel94,
  AUTHOR  = "R. C. Nelson",
  YEAR    = "1994",
  TITLE   = "Depth limited wave heights in very flat regions",
  JOURNAL = CE,
  VOLUME  = "23",
  PAGES   = "43--59" }

% item art:Nel97

@ARTICLE{art:Nel97,
  AUTHOR  = "R. C. Nelson",
  YEAR    = "1997",
  TITLE   = "Height limits in top down and bottom up wave environments.",
  JOURNAL = CE,
  VOLUME  = "32",
  PAGES   = "247--254" }

% item pro:ORe99

@INPROCEEDINGS{pro:ORe99,
   author = "O'Reilly, W. C. and R. T. Guza and R. J. Seymour",
   title = "Wave Prediction   in  the  {Santa  Barbara}  Channel",
   editor = "R. Beal",
   booktitle = "5th California Islands Symposium, March 29-31",
   publisher = "Mineral Management  Service, Santa Barbara CA",
   year = 1999,
   note="See also report at http://www.coastalresearchcenter.ucsb.edu/cmi/files/2001-055.pdf",
}

% item bk:Phi77

@BOOK{bk:Phi77,
  AUTHOR    = "O. M. Phillips",
  YEAR      = "1977",
  TITLE     = "The dynamics of the upper ocean, second edition",
  PUBLISHER = "Cambridge Univ. Press",
  NOTE      = "336 pp." }

% item art:Phi84

@ARTICLE{art:Phi84,
  AUTHOR  = "O. M. Phillips",
  YEAR    = 1984,
  TITLE   = "On the response of short ocean wave components at a fixed
             wavenumber to ocean current variations",
  JOURNAL = JPO,
  VOLUME  = 14,
  PAGES   = "1425--1433" }

% item art:Phi85

@ARTICLE{art:Phi85,
   author = "O. M. Phillips",
   title = "Spectral and statistical properties of the equilibrium range in wind-generated gravity waves",
   journal = JFM,
   volume =156,
   pages = "505--531",
   year = 1985,
   where="paper",
}


% item art:PM64

@ARTICLE{art:PM64,
  AUTHOR  = "W. J. Pierson and L. Moskowitz",
  YEAR    = "1964",
  TITLE   = "A proposed spectral form for fully developed wind seas
             based on the similarity theory of {S. A. K}itaigorodskii.",
  JOURNAL = JGR,
  VOLUME  = "69",
  PAGES   = "5181--5190" }

% item art:RP91

@ARTICLE{art:RP91,
  AUTHOR  = "D. T. Resio and W. Perrie",
  YEAR    = "1991",
  TITLE   = "A numerical study of nonlinear energy fluxes due to wave-wave
             interactions.  {Part 1: M}ethodology and basic results",
  JOURNAL = JFM,
  VOLUME  = "223",
  PAGES   = "609--629" }

% item pro:Sea78

@INPROCEEDINGS{pro:Sea78,
  AUTHOR       = "O. Shemdin and K. Hasselmann and S. V. Hsiao and
                  K. Heterich",
  YEAR         = "1978",
  TITLE        = "Nonlinear and linear bottom interaction effects in
                  shallow water",
  BOOKTITLE    = "Turbulent fluxes through the sea surface, wave
                  dynamics and prediction",
  PUBLISHER    = "{NATO Conf. Ser. V, Vol 1}",
  PAGES        = "347--365" }

% item art:Sea81

@ARTICLE{art:Sea81,
  AUTHOR  = "R. L. Snyder and F. W. Dobson and J. A. Elliott and
             R. B. Long",
  YEAR    = "1981",
  TITLE   = "Array measurements of atmospheric pressure fluctuations
             above surface gravity waves",
  JOURNAL = JFM,
  VOLUME  = "102",
  PAGES   = "1--59" }

% item bk:Soul97

@BOOK{bk:Soul97,
   author = "Richard Soulsby",
   title = "Dynamics of marine sands, a manual for practical applications",
   publisher = "Thomas Telford Publications",
   pages = "256",
   year = 1997,
   address="London",
KEYWORDS = {general waves and physics books},
}

% item PhD:Rol

@MANUAL{PhD:Rol,
   author = "Aaron Roland",
   title = "Development of {WWM II}: Spectral wave modelling on unstructured meshes",
   school = "Technische Universit{\"a}t Darmstadt, Institute of Hydraulic and Water Resources Engineering",
   year = 2008,
keywords={numerics},
}


% item art:TB02

@ARTICLE{art:TB02,
  AUTHOR  = "M. A. C. Teixeira and S. E. Belcher",
  YEAR    = 2002,
  TITLE   = "On the distortion of turbulence by a progressive surface wave",
  JOURNAL = JFM,
  VOLUME  = "458",
  PAGES   = "229--267" }

% item art:WISE07

@ARTICLE{art:WISE07,
  AUTHOR  = "{The WISE Group}",
  YEAR    = 2007,
  TITLE   = "Wave modelling: the state of the art",
  JOURNAL = PO,
  NOTE    = "In press" }

% item art:TG83

@ARTICLE{art:TG83,
  AUTHOR  = "E. B. Thornton and R. T. Guza",
  YEAR    = "1983",
  TITLE   = "Transformation of wave height distribution",
  JOURNAL = "JGR",
  VOLUME  = "88",
  PAGES   = "5925-5938" }

% item tol:JPO90

@ARTICLE{tol:JPO90,
  AUTHOR = "H. L. Tolman",
  YEAR   = "1990",
  TITLE  = "The influence of unsteady depths and currents of tides on
            wind wave propagation in shelf seas",
  JOURNAL = JPO,
  VOLUME = "20",
  PAGES  = "1166--1174" }

% item tol:JPO91b

@ARTICLE{tol:JPO91b,
  AUTHOR = "H. L. Tolman",
  YEAR   = "1991",
  TITLE  = "A third-generation model for wind waves on slowly varying,
            unsteady and inhomogeneous depths and currents",
  JOURNAL = JPO,
  VOLUME = "21",
  PAGES  = "782--797" }

% item tol:JPO92

@ARTICLE{tol:JPO92,
  AUTHOR = "H. L. Tolman",
  YEAR   = "1992",
  TITLE  = "Effects of numerics on the physics in a third-generation
            wind-wave model",
  JOURNAL = JPO,
  VOLUME = "22",
  PAGES  = "1095--1111" }

% item tol:JPO94

@ARTICLE{tol:JPO94,
   author = "Hendrik L. Tolman",
   title = "Wind waves and moveable-bed bottom friction",
   journal = JPO,
   volume = 24,
   pages = "994--1,009",
   year = 1994,
   url="http://journals.ametsoc.org/doi/pdf/10.1175/1520-0485%281994%29024%3C0994%3AWWAMBB%3E2.0.CO%3B2",
   KEYWORDS={bottom friction},
}

% item tol:CE95

@ARTICLE{tol:CE95,
   author = "Hendrik L. Tolman",
   title = "Subgrid modeling of moveable-bed bottom friction in wind wave models",
   journal = CE,
   volume = 26,
   pages = "57--75",
   year = 1995,
   KEYWORDS={bottom friction},
}

% item tol:OMB95

@TECHREPORT{tol:OMB95,
  AUTHOR      = "H. L. Tolman",
  YEAR        = "1995",
  TITLE       = "On the selection of  propagation schemes for a spectral
                 wind wave model",
  INSTITUTION = "NWS/NCEP",
  TYPE        = "Office Note",
  NUMBER      = "411",
  NOTE        = "30 pp + figures" }

% item tol:Waves01a

@INPROCEEDINGS{tol:Waves01a,
  AUTHOR       = "H. L. Tolman",
  YEAR         = "2001",
  TITLE        = "Improving propagation in ocean wave models",
  BOOKTITLE    = Waves01,
  EDITOR       = "B. L. Edge and J. M. Hemsley",
  PUBLISHER    = "ASCE",
  PAGES        = "507--516" }

% item tol:OMOD02b

@ARTICLE{tol:OMOD02b,
  AUTHOR  = "H. L. Tolman",
  YEAR    = "2002",
  TITLE   = "Alleviating the Garden Sprinkler Effect in wind wave models",
  JOURNAL = OMOD,
  VOLUME  = "4",
  PAGES   = "269--289" }

% item tol:PACO02

@ARTICLE{tol:PACO02,
  AUTHOR = "H. L. Tolman",
  YEAR   = "2002",
  TITLE  = "Distributed memory concepts in the wave model
            {WAVEWATCH III}",
  JOURNAL = PACO,
  VOLUME = "28",
  PAGES  = "35--52" }

% item tol:GAOS02

@ARTICLE{tol:GAOS02,
  AUTHOR  = "H. L. Tolman",
  YEAR    = "2002",
  TITLE   = "Limiters in third-generation wind wave models",
  JOURNAL = GAOS,
  VOLUME  = "8",
  PAGES   = "67--83" }

% item tol:OMB02b

@TECHREPORT{tol:OMB02b,
  AUTHOR      = "H. L. Tolman",
  YEAR        = "2002",
  TITLE       = "Testing of {WAVEWATCH III} version 2.22 in {NCEP's} {NWW3}
                 ocean wave model suite",
  INSTITUTION = "{NOAA/NWS/NCEP/OMB}",
  TYPE        = "Tech. Note",
  NUMBER      = "214",
  NOTE        = "99 pp." }

% item tol:OMB02c

@TECHREPORT{tol:OMB02c,
  AUTHOR      = "H. L. Tolman",
  YEAR        = "2002",
  TITLE       = "User manual and system documentation of {WAVEWATCH III}
                 version 2.22",
  INSTITUTION = "{NOAA/NWS/NCEP/MMAB}",
  TYPE        = "Tech. Note",
  NUMBER      = "222",
  NOTE        = "133 pp." }

% item tol:OMB02a

@TECHREPORT{tol:OMB02a,
  AUTHOR      = "H. L. Tolman",
  YEAR        = "2002",
  TITLE       = "Validation of {WAVEWATCH III} version 1.15 for a global
                 domain",
  INSTITUTION = "{NOAA/NWS/NCEP/OMB}",
  TYPE        = "Tech. Note",
  NUMBER      = "213",
  NOTE        = "33 pp." }

% item tol:MMAB03a

@TECHREPORT{tol:MMAB03a,
  AUTHOR      = "H. L. Tolman",
  YEAR        = "2003",
  TITLE       = "Optimum {D}iscrete {I}nteraction {A}pproximations for
                 wind waves. {Part 1:} {M}apping using inverse modeling",
  INSTITUTION = "{NOAA/NWS/NCEP/MMAB}",
  TYPE        = "Tech. Note",
  NUMBER      = "227",
  NOTE        = "57 pp. + Appendices" }

% item tol:OMOD03a

@ARTICLE{tol:OMOD03a,
  AUTHOR  = "H. L. Tolman",
  YEAR    = "2003",
  TITLE   = "Treatment of unresolved islands and ice in wind wave models",
  JOURNAL = OMOD,
  VOLUME  = "5",
  PAGES   = "219--231" }

% item tol:Vict06a

@INPROCEEDINGS{tol:Vict06a,
  AUTHOR       = "H. L. Tolman",
  YEAR         = "2006",
  TITLE        = "Toward a third release of {WAVEWATCH III}; a multi-grid
                  model version", 
  BOOKTITLE    = "9$\:^{th}$ international workshop on wave hindcasting and
                  forecasting, {JCOMM} {T}ech. {R}ep. 34",
  NOTE         = "{P}aper {L1}" }

% item tol:MMAB07b

@TECHREPORT{tol:MMAB07b,
  AUTHOR      = "H. L. Tolman",
  YEAR        = "2007",
  TITLE       = "Development of a multi-grid version of {WAVEWATCH III}",
  INSTITUTION = "{NOAA/NWS/NCEP/MMAB}",
  TYPE        = "Tech. Note",
  NUMBER      = "256",
  NOTE        = "88 pp. + Appendices" }

% item tol:OMOD08b

@ARTICLE{tol:OMOD08b, 
  AUTHOR  = "H. L. Tolman",
  YEAR    = "2008",
  TITLE   = "A mosaic approach to wind wave modeling",
  JOURNAL = OMOD,
  VOLUME  = "25",
  PAGES   = "35--47" }

% item tol:MMAB09a

@TECHREPORT{tol:MMAB09a,
  AUTHOR      = "H. L. Tolman",
  YEAR        = "2009",
  TITLE       = "User manual and system documentation of {WAVEWATCH III}
                 $\texttrademark$ version 3.14",
  INSTITUTION = "{NOAA/NWS/NCEP/MMAB}",
  TYPE        = "Tech. Note",
  NUMBER      = "276",
  NOTE        = "194 pp. + Appendices" }

% item tol:MMAB09b

@TECHREPORT{tol:MMAB09b,
  AUTHOR      = "H. L. Tolman",
  YEAR        = "2009",
  TITLE       = "{WAVEWATCH III}$\:$\texttrademark\ development best
                 practices",
  INSTITUTION = "{NOAA/NWS/NCEP/MMAB}",
  TYPE        = "Tech. Note",
  NUMBER      = "nnn",
  NOTE        = "In Preparation" }
# NOTE        = "nn pp. + Appendices" }

% item tol:OMOD05b

@ARTICLE{tol:OMOD05b,
  AUTHOR  = "H. L. Tolman and J. H. G. M. Alves",
  YEAR    = "2005",
  TITLE   = "Numerical modeling of wind waves generated by tropical cyclones
             using moving grids",
  JOURNAL = OMOD,
  VOLUME  = "9",
  PAGES   = "305--323" }

% item tol:WaF02

@ARTICLE{tol:WaF02,
  AUTHOR  = "H. L. Tolman and  B. Balasubramaniyan and L. D. Burroughs
             and D. V. Chalikov and Y. Y. Chao and H. S. Chen and
             V. M. Gerald",
  YEAR    = "2002",
  TITLE   = "Development and implementation of wind generated
             ocean surface wave models at {NCEP}",
  JOURNAL = WaF,
  VOLUME  = "17",
  PAGES   = "311-333" }

% item tol:GAOS98b

@ARTICLE{tol:GAOS98b,
  AUTHOR = "H. L. Tolman and N. Booij",
  YEAR   = "1998",
  TITLE  = "Modeling wind waves using wavenumber-direction spectra
            and a variable wavenumber grid",
  JOURNAL = GAOS,
  VOLUME = "6",
  PAGES  = "295--309" }

% item tol:JPO96

@ARTICLE{tol:JPO96,
  AUTHOR = "H. L. Tolman and D. V. Chalikov",
  YEAR   = "1996",
  TITLE  = "Source terms in a third-generation wind-wave model",
  JOURNAL = JPO,
  VOLUME = "26",
  PAGES  = "2497--2518" }

% item tol:Oahu07a

@INPROCEEDINGS{tol:Oahu07a,
  AUTHOR       = "B. Tracy and E.-M. Devaliere and T. Nicolini and
                  H. L. Tolman and J. L. Hanson",
  YEAR         = "2007",
  TITLE        = "Wind Sea and Swell Delineation for Numerical Wave Modeling", 
  BOOKTITLE    = "10th international workshop on wave hindcasting and
                  forecasting \& coastal hazerd symposium", 
  NOTE         = "{P}aper {P}12" }
# BOOKTITLE    = "10$^{th}$ international workshop on wave hindcasting and
#                 forecasting \& coastal hazards symposium,
#                 {JCOMM} {T}ech. {R}ep. nn, {WMO/TD-No.} nnnn",

% item rep:TR82

@TECHREPORT{rep:TR82,
  AUTHOR      = "B. Tracy and D. T. Resio",
  YEAR        = "1982",
  TITLE       = "Theory and calculation of the nonlinear energy transfer
                 between sea waves in deep water",
  INSTITUTION = "US Army Corps of Engineers",
  TYPE        = "WES Report",
  NUMBER      = "11"}

% item rep:TTH06

@TECHREPORT{rep:TTH06,
  AUTHOR      = "F. T. Tracy and B. Tracy and D. T. Resio",
  YEAR        = "2006",
  TITLE       = "{ERDC} {MSRC} {R}esource",
  INSTITUTION = "US Army Corps of Engineers",
  NUMBER      = "Fall 2006"}

% item art:WHD13

@ARTICLE{art:WHD13,
  AUTHOR  = "A. J. {Van der Westhuysen} and J. L. Hanson and E. -M. Devaliere",
  YEAR    = 2013,
  TITLE   = "Spatial and temporal tracking of wave fields from 
ocean basin scales to coastal waters",
  JOURNAL = "J. Atmos. Oceanic Techn., in review" }

% item art:Wea07

@ARTICLE{art:Wea07,
  AUTHOR  = "A. J. {Van der Westhuysen} and M. Zijlema and J. A. Battjes",
  YEAR    = 2007,
  TITLE   = "Saturation-based whitecapping dissipation in SWAN for deep
             and shallow water",
  JOURNAL = CE,
  VOLUME  = 54,
  PAGES   = "151--170" }

% item pro:vVl00

@INPROCEEDINGS{pro:vVl00,
  AUTHOR       = "G. {Ph}. {Van Vledder}",
  YEAR         = "2000",
  TITLE        = "Improved method for obtaining the integration space
                  for the computation of nonlinear quadruplet wave-wave
                  interaction",
  BOOKTITLE    = "Proceedings of the 6th International Workshop on
                  Wave Forecasting and Hindcasting",
  PAGES        = "418--431" }

% item rep:vVl02a

@TECHREPORT{rep:vVl02a,
  AUTHOR      = "G. {Ph}. {Van Vledder}",
  YEAR        = "2002",
  TITLE       = "Improved parameterizations of nonlinear four wave interactions
                 for application in operational wave prediction models",
  INSTITUTION = "Alkyon, The Netherlands",
  TYPE        = "Report",
  NUMBER      = "151a"}

% item rep:vVl02b

@TECHREPORT{rep:vVl02b,
  AUTHOR      = "G. {Ph}. {Van Vledder}",
  YEAR        = "2002",
  TITLE       = "A subroutine version of the {Webb/Resio/Tracy} method for
                 the computation of nonlinear quadruplet interactions in
                 a wind-wave spectrum",
  INSTITUTION = "Alkyon, The Netherlands",
  TYPE        = "Report",
  NUMBER      = "151b"}

% item art:VS91

@ARTICLE{art:VS91,
  AUTHOR  = "L. Vincent and P. Soille",
  YEAR    = 1991,
  TITLE   = "Watersheds in digital spaces: An efficient algorithm based on
             immersion simulations",
  JOURNAL = "IEEE Transactions of Pattern Analysis and Machine Intelligence",
  VOLUME  = 13,
  PAGES   = "583--598" }

% item art:VMH97

@ARTICLE{art:VMH97,
  AUTHOR  = "A. C. Voorrips and V. K. Makin and S. Hasselmann",
  YEAR    = 1997,
  TITLE   = "Assimilation of wave spectra from pitch-and-roll buoys in a North Sea wave model",
  JOURNAL = JGR,
  VOLUME  = 102,
  PAGES   = "5829--5849" }

% item art:WAM88

@ARTICLE{art:WAM88,
  AUTHOR  = "{WAMDIG}",
  YEAR    = "1988",
  TITLE   = "The {WAM} model -- a third generation ocean wave prediction model",
  JOURNAL = JPO,
  VOLUME  = "18",
  PAGES   = "1775--1809" }

% item art:Web78

@ARTICLE{art:Web78,
  AUTHOR  = "D. J. Webb",
  YEAR    = "1978",
  TITLE   = "Non-linear transfers between sea waves",
  JOURNAL = DSR,
  VOLUME  = "25",
  PAGES   = "279--298" }

% item art:WS96

@ARTICLE{art:WS96,
   author = "P. Wessel and W. H. F. Smith",
   title = "A {G}lobal {S}elf-consistent {H}ierarchical, {H}igh-resolution {S}horeline database",
   journal = JGR,
   volume = 101,
   pages="8741--8743",
   year=1996,
   }

% item art:Whi65

@ARTICLE{art:Whi65,
  AUTHOR  = "G. B. Whitham",
  YEAR    = "1965",
  TITLE   = "A general approach to linear and non-linear dispersive waves
             using a {Lagrangian}",
  JOURNAL = JFM,
  VOLUME  = "22",
  PAGES   = "273--283" }

% item art:Wu82

@ARTICLE{art:Wu82,
  AUTHOR  = "J. Wu",
  YEAR    = "1982",
  TITLE   = "Wind-stress coefficients over sea surface from breeze to
             hurricane",
  JOURNAL = JGR,
  VOLUME  = "87",
  PAGES   = "9704--9706" }

